@misc{ wiki:p2p,
   author = "Wikipedia",
   title = "Peer-to-peer --- Wikipedia{,} The Free Encyclopedia",
   year = "2016",
   url = "https://en.wikipedia.org/w/index.php?title=Peer-to-peer&oldid=746821165",
   note = "[Online; accessed 29-October-2016]"
 }
 
 @misc{ wiki:un,
   author = "Wikipedia",
   title = "Peer-to-peer --- Wikipedia{,} The Free Encyclopedia",
   year = "2016",
   url = "https://en.wikipedia.org/w/index.php?title=Peer-to-peer&oldid=746821165",
   note = "[Online; accessed 29-October-2016]"
 }